@article{Krishnamoorthy2013,
	author = {Krishnamoorthy, Niveda and Malkarnenkar, Girish and Mooney, Raymond and Saenko, Kate and Guadarrama, Sergio},
	file = {:C$\backslash$:/users/alireza/Local Settings/Application Data/Mendeley Ltd./Mendeley Desktop/Downloaded/Krishnamoorthy et al. - 2013 - Generating Natural-Language Video Descriptions Using Text-Mined Knowledge.pdf:pdf},
	isbn = {9781937284473},
	journal = {NAACL HLT Workshop on Vision and Language},
	pages = {10--19},
	title = {{Generating Natural-Language Video Descriptions Using Text-Mined Knowledge}},
	year = {2013}
}

@inproceedings{felzenszwalb2008discriminatively,
	title={A discriminatively trained, multiscale, deformable part model},
	author={Felzenszwalb, Pedro and McAllester, David and Ramanan, Deva},
	booktitle={Computer Vision and Pattern Recognition, 2008. CVPR 2008. IEEE Computer Society Conference on},
	pages={1--8},
	year={2008},
	organization={IEEE}
}

@inproceedings{laptev2008learning,
	title={Learning realistic human actions from movies},
	author={Laptev, Ivan and Marszalek, Marcin and Schmid, Cordelia and Rozenfeld, Benjamin},
	booktitle={Computer Vision and Pattern Recognition, 2008. CVPR 2008. IEEE Conference on},
	pages={1--8},
	year={2008},
	organization={IEEE}
}

@article{Thomason2014,
	author = {Thomason, Jesse and Venugopalan, Subhashini and Guadarrama, Sergio and Saenko, Kate and Mooney, Raymond},
	isbn = {9781941643266},
	journal = {Coling},
	pages = {1218--1227},
	title = {{Integrating Language and Vision to Generate Natural Language Descriptions of Videos in the Wild}},
	url = {http://www.cs.utexas.edu/users/ml/papers/thomason.coling14.pdf},
	year = {2014}
}

@article{Donahue2015,
	archivePrefix = {arXiv},
	arxivId = {arXiv:1411.4389v3},
	author = {Donahue, Jeff and Hendricks, Lisa Anne and Guadarrama, Sergio and Rohrbach, Marcus and Venugopalan, Subhashini and Saenko, Kate and Darrell, Trevor and Austin, U T and Lowell, Umass and Berkeley, U C},
	eprint = {arXiv:1411.4389v3},
	isbn = {9781467369640},
	journal = {Cvpr},
	title = {{Long-term Recurrent Convolutional Networks for Visual Recognition and Description}},
	year = {2015}
}

@article{hochreiter1997long,
	title={Long short-term memory},
	author={Hochreiter, Sepp and Schmidhuber, J{\"u}rgen},
	journal={Neural computation},
	volume={9},
	number={8},
	pages={1735--1780},
	year={1997},
	publisher={MIT Press}
}

@article{Venugopalan2015,
	archivePrefix = {arXiv},
	arxivId = {1412.4729},
	author = {Venugopalan, Subhashini and Xu, Huijuan and Donahue, Jeff and Rohrbach, Marcus and Mooney, Raymond and Saenko, Kate and Berkeley, U C and Rohrbach, Marcus and Berkeley, U C and Mooney, Raymond and Saenko, Kate},
	eprint = {1412.4729},
	journal = {Proceedings of the 2015 Annual Conference of the North American Chapter of the Association for Computational Linguistics (NAACL'15)},
	number = {June},
	pages = {1494--1504},
	title = {{Translating Videos to Natural Language Using Deep Recurrent Neural Networks}},
	url = {http://www.aclweb.org/anthology/N/N15/N15-1173.pdf http://arxiv.org/abs/1412.4729},
	year = {2015}
}

@inproceedings{jia2014caffe,
	title={Caffe: Convolutional architecture for fast feature embedding},
	author={Jia, Yangqing and Shelhamer, Evan and Donahue, Jeff and Karayev, Sergey and Long, Jonathan and Girshick, Ross and Guadarrama, Sergio and Darrell, Trevor},
	booktitle={Proceedings of the 22nd ACM international conference on Multimedia},
	pages={675--678},
	year={2014},
	organization={ACM}
}

@inproceedings{krizhevsky2012imagenet,
	title={Imagenet classification with deep convolutional neural networks},
	author={Krizhevsky, Alex and Sutskever, Ilya and Hinton, Geoffrey E},
	booktitle={Advances in neural information processing systems},
	pages={1097--1105},
	year={2012}
}

@article{russakovsky2015imagenet,
	title={Imagenet large scale visual recognition challenge},
	author={Russakovsky, Olga and Deng, Jia and Su, Hao and Krause, Jonathan and Satheesh, Sanjeev and Ma, Sean and Huang, Zhiheng and Karpathy, Andrej and Khosla, Aditya and Bernstein, Michael and others},
	journal={International Journal of Computer Vision},
	volume={115},
	number={3},
	pages={211--252},
	year={2015},
	publisher={Springer}
}

@article{Venugopalan2016,
	archivePrefix = {arXiv},
	arxivId = {1604.01729},
	author = {Venugopalan, Subhashini and Hendricks, Lisa Anne and Mooney, Raymond and Saenko, Kate},
	eprint = {1604.01729},
	journal = {Arxiv},
	title = {{Improving LSTM-based Video Description with Linguistic Knowledge Mined from Text}},
	url = {http://arxiv.org/abs/1604.01729},
	year = {2016}
}

@inproceedings{pennington2014glove,
	title={Glove: Global Vectors for Word Representation.},
	author={Pennington, Jeffrey and Socher, Richard and Manning, Christopher D},
	booktitle={EMNLP},
	volume={14},
	pages={1532--43},
	year={2014}
}

@article{Yu2016,
	annote = {CIted in UTexas guy 6th of April 2016, Improving LSTM Based Video Description with Linguistic Knowledge Mined from text},
	archivePrefix = {arXiv},
	arxivId = {1510.07712},
	author = {Yu, Haonan and Wang, Jiang and Huang, Zhiheng and Yang, Yi and Xu, Wei},
	eprint = {1510.07712},
	journal = {Cvpr},
	keywords = {Cited-in: 5},
	title = {{Video Paragraph Captioning using Hierarchical Recurrent Neural Networks}},
	url = {http://arxiv.org/abs/1510.07712},
	year = {2016}
}

@article{chung2014empirical,
	title={Empirical evaluation of gated recurrent neural networks on sequence modeling},
	author={Chung, Junyoung and Gulcehre, Caglar and Cho, KyungHyun and Bengio, Yoshua},
	journal={arXiv preprint arXiv:1412.3555},
	year={2014}
}

@article{Pan2015,
	annote = {CIted in UTexas guy 6th of April 2016, Improving LSTM Based Video Description with Linguistic Knowledge Mined from text},
	archivePrefix = {arXiv},
	arxivId = {1511.03476},
	author = {Pan, Pingbo and Xu, Zhongwen and Yang, Yi and Wu, Fei and Zhuang, Yueting},
	doi = {10.1109/CVPR.2016.117},
	eprint = {1511.03476},
	journal = {arXiv:1511.03476 [cs]},
	keywords = {Cited-in: 5},
	pages = {1029--1038},
	title = {{Hierarchical Recurrent Neural Encoder for Video Representation with Application to Captioning}},
	url = {http://arxiv.org/abs/1511.03476{\%}5Cnhttp://www.arxiv.org/pdf/1511.03476.pdf},
	year = {2015}
}

@article{Hendricks2016,
	archivePrefix = {arXiv},
	arxivId = {1511.05284},
	author = {Hendricks, Lisa Anne and Venugopalan, Subhashini and Rohrbach, Marcus and Mooney, Raymond and Saenko, Kate and Darrell, Trevor},
	doi = {10.1109/CVPR.2016.8},
	eprint = {1511.05284},
	isbn = {9781467388511},
	issn = {10636919},
	journal = {Cvpr},
	pages = {1--10},
	title = {{Deep Compositional Captioning: Describing Novel Object Categories without Paired Training Data}},
	year = {2016}
}

@inproceedings{pauls2011faster,
	title={Faster and smaller n-gram language models},
	author={Pauls, Adam and Klein, Dan},
	booktitle={Proceedings of the 49th Annual Meeting of the Association for Computational Linguistics: Human Language Technologies-Volume 1},
	pages={258--267},
	year={2011},
	organization={Association for Computational Linguistics}
}